<record><leader>00000cas a2200000 a 4500</leader><controlfield tag="001">4200610</controlfield><controlfield tag="008">780906c18769999mouwr ne      0   a0eng d</controlfield><datafield ind1=" " ind2=" " tag="010"><subfield code="a">sn 78006125 </subfield></datafield><datafield ind1=" " ind2=" " tag="040"><subfield code="a">NSD</subfield><subfield code="b">eng</subfield><subfield code="c">NSD</subfield><subfield code="d">PPM</subfield><subfield code="d">MQN</subfield><subfield code="d">OCL</subfield><subfield code="d">OCLCQ</subfield></datafield><datafield ind1=" " ind2=" " tag="012"><subfield code="k">1</subfield><subfield code="l">1</subfield><subfield code="m">1</subfield></datafield><datafield ind1="1" ind2=" " tag="022"><subfield code="a">0162-6701</subfield><subfield code="l">0162-6701</subfield><subfield code="2">1</subfield></datafield><datafield ind1=" " ind2=" " tag="032"><subfield code="a">062120</subfield><subfield code="b">USPS</subfield></datafield><datafield ind1=" " ind2=" " tag="037"><subfield code="b">106 W. Main St., Bowling Green, Mo. 63334</subfield></datafield><datafield ind1=" " ind2=" " tag="042"><subfield code="a">nsdp</subfield><subfield code="a">msc</subfield></datafield><datafield ind1=" " ind2="4" tag="222"><subfield code="a">The Bowling Green times</subfield></datafield><datafield ind1="0" ind2="4" tag="245"><subfield code="a">The Bowling Green times.</subfield></datafield><datafield ind1=" " ind2=" " tag="260"><subfield code="a">Bowling Green, Mo. :</subfield><subfield code="b">J.C. Jamison</subfield></datafield><datafield ind1=" " ind2=" " tag="310"><subfield code="a">Weekly</subfield></datafield><datafield ind1="1" ind2=" " tag="362"><subfield code="a">Began in 1876?</subfield></datafield><datafield ind1=" " ind2=" " tag="588"><subfield code="a">Description based on: Vol. 5, no. 47 (Oct. 7, 1880).</subfield></datafield><datafield ind1=" " ind2=" " tag="752"><subfield code="a">United States</subfield><subfield code="b">Missouri</subfield><subfield code="c">Pike</subfield><subfield code="d">Bowling Green.</subfield></datafield><datafield ind1="0" ind2="0" tag="780"><subfield code="t">Pike County express</subfield><subfield code="w">(DLC)sn 86054016</subfield></datafield><datafield ind1="0" ind2="5" tag="780"><subfield code="t">Bowling Green Jeffersonian</subfield><subfield code="w">(DLC)sn 89066053</subfield></datafield><datafield ind1=" " ind2=" " tag="936"><subfield code="a">Sept. 6, 1978</subfield></datafield></record>